<?xml version="1.0" encoding="UTF-8"?><record xmlns="http://www.loc.gov/MARC21/slim" xmlns:cinclude="http://apache.org/cocoon/include/1.0" xmlns:zs="http://www.loc.gov/zing/srw/">
  <leader>00455nz  a2200145n  4500</leader>
  <controlfield tag="001">no2008116214</controlfield>
  <controlfield tag="003">DLC</controlfield>
  <controlfield tag="005">20080813081400.0</controlfield>
  <controlfield tag="008">080811n| acannaabn          |n aaa     c</controlfield>
  <datafield tag="010" ind1=" " ind2=" ">
    <subfield code="a">no2008116214</subfield>
  </datafield>
  <datafield tag="035" ind1=" " ind2=" ">
    <subfield code="a">(OCoLC)oca07845822</subfield>
  </datafield>
  <datafield tag="040" ind1=" " ind2=" ">
    <subfield code="a">MnU</subfield>
    <subfield code="b">eng</subfield>
    <subfield code="c">MnU</subfield>
  </datafield>
  <datafield tag="100" ind1="1" ind2=" ">
    <subfield code="a">Glasstone, Violette</subfield>
  </datafield>
  <datafield tag="670" ind1=" " ind2=" ">
    <subfield code="a">The food you eat, 1943:</subfield>
    <subfield code="b">t.p. (Violette Glasstone)</subfield>
  </datafield>
  <datafield tag="670" ind1=" " ind2=" ">
    <subfield code="a">OCLC, August 11, 2008</subfield>
    <subfield code="b">(hdg.: Glasstone, Violette F. Collingwood; usage: Violette Glasstone)</subfield>
  </datafield>
</record>